 @online{wikipediaSecureShell,
  title        = {Secure Shell},
  organization = {Wikipedia, Die freie Enzyklop√§die},
  date         = {2004},
  urldate      = {2019-02-26},
  url          =  {https://de.wikipedia.org/wiki/Secure_Shell},
  keywords     = {untrusted}
 }
